@inproceedings{implementation_of_distributed_consensus,
  author    = {Joshi, Apurva and Limbu, Narendra and Ahuja, Indrajit and Mulla, Ameer K. and Chung, Hoam and Chakraborty, Debraj},
  booktitle = {2016 European Control Conference (ECC)},
  title     = {Implementation of distributed consensus on an outdoor testbed},
  year      = {2016},
  volume    = {},
  number    = {},
  pages     = {2146-2151},
  doi       = {10.1109/ECC.2016.7810609}
}

@book{Distributed_Consensus_book,
  title     = {Distributed consensus in multi-vehicle cooperative control},
  author    = {Ren, Wei and Beard, Randal W},
  volume    = {27},
  number    = {},
  year      = {2008},
  publisher = {Springer}
}

@article{QuadDynamics,
  title     = {Multirotor aerial vehicles: Modeling, estimation, and control of quadrotor},
  author    = {Mahony, Robert and Kumar, Vijay and Corke, Peter},
  journal   = {IEEE Robotics and Automation magazine},
  volume    = {19},
  number    = {3},
  pages     = {20--32},
  year      = {2012},
  publisher = {Institute of Electrical and Electronics Engineers Inc.}
}

@inproceedings{Matlabdrone1,
  author    = {Soria, Enrica and Schiano, Fabrizio and Floreano, Dario},
  booktitle = {2020 IEEE/RSJ International Conference on Intelligent Robots and Systems (IROS)},
  title     = {SwarmLab: a Matlab Drone Swarm Simulator},
  year      = {2020},
  volume    = {},
  number    = {},
  pages     = {8005-8011},
  doi       = {10.1109/IROS45743.2020.9340854}
}

@inproceedings{Matlabdrone2,
  author    = {Lu, Peng and Geng, Qingbo},
  booktitle = {2011 IEEE 2nd International Conference on Computing, Control and Industrial Engineering},
  title     = {Real-time simulation system for UAV based on Matlab/Simulink},
  year      = {2011},
  volume    = {1},
  number    = {},
  pages     = {399-404},
  doi       = {10.1109/CCIENG.2011.6008043}
}

@software{ros,
  author  = {{Stanford Artificial Intelligence Laboratory et al.}},
  title   = {Robotic Operating System},
  url     = {https://www.ros.org},
  version = {ROS Melodic Morenia},
  date    = {2018-05-23}
}

@software{gazebo,
  author  = {{Open Robotics}},
  title   = {Gazebo Simulator},
  url     = {https://gazebosim.org/home},
  version = {Gazebo 9},
  date    = {2018-05-23}
}

@book{Robotics_Vision_Control,
  title     = {Robotics, vision and control: fundamental algorithms in MATLAB},
  author    = {Corke, Peter I and Khatib, Oussama},
  volume    = {73},
  year      = {2011},
  publisher = {Springer}
}

@article{asymptotic_control_laws,
  title     = {Asymptotically optimal decentralized control for large population stochastic multiagent systems},
  author    = {Li, Tao and Zhang, Ji-Feng},
  journal   = {IEEE Transactions on Automatic Control},
  volume    = {53},
  number    = {7},
  pages     = {1643--1660},
  year      = {2008},
  publisher = {IEEE}
}

@article{distributed_control_laws_for_finite_time_consensus_double_integrator,
  title     = {Finite-time consensus algorithm for multi-agent systems with double-integrator dynamics},
  author    = {Li, Shihua and Du, Haibo and Lin, Xiangze},
  journal   = {Automatica},
  volume    = {47},
  number    = {8},
  pages     = {1706--1712},
  year      = {2011},
  publisher = {Elsevier}
}

@inproceedings{formation_control,
  title        = {Formation control of autonomous robots based on cooperative behavior},
  author       = {D{\"o}rfler, Florian and Francis, Bruce},
  booktitle    = {2009 European Control Conference (ECC)},
  pages        = {2432--2437},
  year         = {2009},
  organization = {IEEE}
}

@article{trajectory_tracking,
  title     = {Cooperative path following of multiple multirotors over time-varying networks},
  author    = {Cichella, Venanzio and Kaminer, Isaac and Dobrokhodov, Vladimir and Xargay, Enric and Choe, Ronald and Hovakimyan, Naira and Aguiar, A Pedro and Pascoal, Antonio M},
  journal   = {IEEE Transactions on Automation Science and Engineering},
  volume    = {12},
  number    = {3},
  pages     = {945--957},
  year      = {2015},
  publisher = {IEEE}
}

@article{search_and_rescue,
  title     = {Multi-agent systems for search and rescue applications},
  author    = {Drew, Daniel S},
  journal   = {Current Robotics Reports},
  volume    = {2},
  number    = {2},
  pages     = {189--200},
  year      = {2021},
  publisher = {Springer}
}

@article{pursuit_evasion,
  title     = {Coevolution of role-based cooperation in multiagent systems},
  author    = {Yong, Chern Han and Miikkulainen, Risto},
  journal   = {IEEE Transactions on Autonomous Mental Development},
  volume    = {1},
  number    = {3},
  pages     = {170--186},
  year      = {2009},
  publisher = {IEEE}
}

@article{modeling_integrator,
  title     = {A class of bounded distributed control strategies for connectivity preservation in multi-agent systems},
  author    = {Ajorlou, Amir and Momeni, Ahmadreza and Aghdam, Amir G},
  journal   = {IEEE Transactions on Automatic Control},
  volume    = {55},
  number    = {12},
  pages     = {2828--2833},
  year      = {2010},
  publisher = {IEEE}
}

@inproceedings{multiagent_agriculture,
  title        = {Designing multi-agent swarm of uav for precise agriculture},
  author       = {Skobelev, Petr and Budaev, Denis and Gusev, Nikolay and Voschuk, Georgy},
  booktitle    = {International Conference on Practical Applications of Agents and Multi-Agent Systems},
  pages        = {47--59},
  year         = {2018},
  organization = {Springer}
}

@inproceedings{multiagent_disaster,
  title     = {Multi-agent simulation of disaster response},
  author    = {Massaguer, Daniel and Balasubramanian, Vidhya and Mehrotra, Sharad and Venkatasubramanian, Nalini},
  booktitle = {ATDM workshop in AAMAS},
  volume    = {2006},
  year      = {2006}
}

@article{monitoring,
  title     = {A cooperative multi-agent system for crowd sensing based estimation in smart cities},
  author    = {Guastella, Davide Andrea and Campss, Val{\'e}rie and Gleizes, Marie-Pierre},
  journal   = {IEEE Access},
  volume    = {8},
  pages     = {183051--183070},
  year      = {2020},
  publisher = {IEEE}
}

@inproceedings{traffic_monitoring,
  title        = {A multi-agent system for monitoring and regulating road traffic in a smart city},
  author       = {Arbi, Zied and Driss, Olfa Belkahla and Sbai, Mohamed Karim},
  booktitle    = {2017 International Conference on Smart, Monitored and Controlled Cities (SM2C)},
  pages        = {17--22},
  year         = {2017},
  organization = {IEEE}
}

@inproceedings{Implementation_min_max_consensus,
  title        = {Implementation of min-max time consensus tracking on a multi-quadrotor testbed},
  author       = {Joshi, Apurva and Sawant, Vishal and Chakraborty, Debraj and Chung, Hoam},
  booktitle    = {2019 18th European Control Conference (ECC)},
  pages        = {1073--1078},
  year         = {2019},
  organization = {IEEE}
}

@inproceedings{Implementation_distributed_guarantee,
  title        = {Implementation of distributed consensus with guaranteed real-time communication on an outdoor quadrotor testbed},
  author       = {Joshi, Apurva and Wala, Ankit and Ludhiyani, Mohit and Singh, Saksham and Gagrani, Mohit and Hazra, Subhadip and Chakraborty, Debraj and Manjunath, D and Chung, Hoam},
  booktitle    = {2017 IEEE 56th Annual Conference on Decision and Control (CDC)},
  pages        = {2158--2163},
  year         = {2017},
  organization = {IEEE}
}
@inproceedings{use_quadcopters,
  title        = {A survey of quadrotor unmanned aerial vehicles},
  author       = {Gupte, Shweta and Mohandas, Paul Infant Teenu and Conrad, James M},
  booktitle    = {2012 Proceedings of IEEE Southeastcon},
  pages        = {1--6},
  year         = {2012},
  organization = {IEEE}
}

@misc{Tum,
  author       = {TUM Computer Vision Group},
  title        = {TUM Simulator},
  year         = {2012},
  publisher    = {GitHub},
  journal      = {GitHub repository},
  howpublished = {\url{https://github.com/tum-vision/tum_simulator}}
}

@article{mulla2017min,
  title     = {Min--max time consensus tracking with communication guarantee},
  author    = {Mulla, Ameer K and Chakraborty, Debraj},
  journal   = {IEEE Transactions on Automatic Control},
  volume    = {63},
  number    = {1},
  pages     = {132--144},
  year      = {2017},
  publisher = {IEEE}
}

@inproceedings{Crazyswarm,
  author    = {Preiss, James A. and Honig, Wolfgang and Sukhatme, Gaurav S. and Ayanian, Nora},
  booktitle = {2017 IEEE International Conference on Robotics and Automation (ICRA)},
  title     = {Crazyswarm: A large nano-quadcopter swarm},
  year      = {2017},
  volume    = {},
  number    = {},
  pages     = {3299-3304},
  doi       = {10.1109/ICRA.2017.7989376}
}

@inbook{crazyflie,
  author    = {H{\"o}nig, Wolfgang
               and Ayanian, Nora},
  editor    = {Koubaa, Anis},
  title     = {Flying Multiple UAVs Using ROS},
  booktitle = {Robot Operating System (ROS): The Complete Reference  (Volume 2)},
  year      = {2017},
  publisher = {Springer International Publishing},
  address   = {Cham},
  pages     = {83--118},
  isbn      = {978-3-319-54927-9},
  doi       = {10.1007/978-3-319-54927-9_3},
  url       = {https://doi.org/10.1007/978-3-319-54927-9_3}
}
